<?xml version="1.0" encoding="UTF-8"?><collection xmlns="http://www.loc.gov/MARC21/slim"><record><leader>00368nam--2200133-i-4500</leader><controlfield tag="001">000039083</controlfield><controlfield tag="002">20161230</controlfield><controlfield tag="005">20161230201042</controlfield><controlfield tag="008">060222s1000------------r-----000-0-eng-d</controlfield><datafield ind1=" " ind2=" " tag="080"><subfield code="a">537.311.33:621.375.826</subfield></datafield><datafield ind1=" " ind2=" " tag="100"><subfield code="a">Rieck,Heinrich</subfield></datafield><datafield ind1=" " ind2=" " tag="245"><subfield code="a">Semiconductor lasers. basic physics, technology and design</subfield></datafield><datafield ind1=" " ind2=" " tag="260"><subfield code="a">London, Macdonald, 1970. Xv + 138 P</subfield></datafield><datafield ind1=" " ind2=" " tag="852"><subfield code="a">37333</subfield></datafield></record></collection>